@INPROCEEDINGS{7780459,
  author={He, Kaiming and Zhang, Xiangyu and Ren, Shaoqing and Sun, Jian},
  booktitle={2016 IEEE Conference on Computer Vision and Pattern Recognition (CVPR)}, 
  title={Deep Residual Learning for Image Recognition}, 
  year={2016},
  volume={},
  number={},
  pages={770-778},
  doi={10.1109/CVPR.2016.90}
}
@article{DBLP:journals/corr/HeZR016,
  author       = {Kaiming He and
                  Xiangyu Zhang and
                  Shaoqing Ren and
                  Jian Sun},
  title        = {Identity Mappings in Deep Residual Networks},
  journal      = {CoRR},
  volume       = {abs/1603.05027},
  year         = {2016},
  url          = {http://arxiv.org/abs/1603.05027},
  eprinttype    = {arXiv},
  eprint       = {1603.05027},
  timestamp    = {Wed, 25 Jan 2023 11:01:16 +0100},
  biburl       = {https://dblp.org/rec/journals/corr/HeZR016.bib},
  bibsource    = {dblp computer science bibliography, https://dblp.org}
}

